<record><leader>02765cam a2200421 i 4500</leader><controlfield tag="001">6815606</controlfield><controlfield tag="003">OCoLC</controlfield><controlfield tag="005">20150217142736.0</controlfield><controlfield tag="008">150121s2015    gaua     b   s001 0 eng  </controlfield><datafield ind1=" " ind2=" " tag="010"><subfield code="a">  2014028761</subfield></datafield><datafield ind1=" " ind2=" " tag="020"><subfield code="a">9780820347141</subfield><subfield code="q">hardcover : alk. paper</subfield></datafield><datafield ind1=" " ind2=" " tag="020"><subfield code="a">0820347140</subfield><subfield code="q">hardcover : alk. paper</subfield></datafield><datafield ind1=" " ind2=" " tag="020"><subfield code="a">9780820347158</subfield><subfield code="q">pbk. : alk. paper</subfield></datafield><datafield ind1=" " ind2=" " tag="020"><subfield code="a">0820347159</subfield><subfield code="q">pbk. : alk. paper</subfield></datafield><datafield ind1=" " ind2=" " tag="020"><subfield code="z">9780820347752</subfield><subfield code="q">e-book</subfield></datafield><datafield ind1=" " ind2=" " tag="035"><subfield code="a">ocn876671498</subfield></datafield><datafield ind1=" " ind2=" " tag="040"><subfield code="a">DLC</subfield><subfield code="e">rda</subfield><subfield code="b">eng</subfield><subfield code="c">DLC</subfield><subfield code="d">YDX</subfield><subfield code="d">BTCTA</subfield><subfield code="d">BDX</subfield><subfield code="d">YDXCP</subfield><subfield code="d">OCLCO</subfield><subfield code="d">UAB</subfield><subfield code="d">AEU</subfield></datafield><datafield ind1=" " ind2=" " tag="042"><subfield code="a">pcc</subfield></datafield><datafield ind1=" " ind2=" " tag="043"><subfield code="a">n-us---</subfield></datafield><datafield ind1="0" ind2="0" tag="050"><subfield code="a">E468.9</subfield><subfield code="b">.B63 2015</subfield></datafield><datafield ind1="0" ind2="0" tag="082"><subfield code="a">973.7</subfield><subfield code="2">23</subfield></datafield><datafield ind1=" " ind2=" " tag="090"><subfield code="a">E 468.9 B63 2015</subfield><subfield code="b">AEU</subfield></datafield><datafield ind1="0" ind2="4" tag="245"><subfield code="a">The blue, the gray, and the green :</subfield><subfield code="b">toward an environmental history of the Civil War /</subfield><subfield code="c">edited by Brian Allen Drake.</subfield></datafield><datafield ind1=" " ind2="1" tag="264"><subfield code="a">Athens :</subfield><subfield code="b">The University of Georgia Press,</subfield><subfield code="c">[2015]</subfield></datafield><datafield ind1=" " ind2=" " tag="300"><subfield code="a">vi, 250 pages :</subfield><subfield code="b">illustrations ;</subfield><subfield code="c">23 cm.</subfield></datafield><datafield ind1=" " ind2=" " tag="336"><subfield code="a">text</subfield><subfield code="2">rdacontent</subfield></datafield><datafield ind1=" " ind2=" " tag="337"><subfield code="a">unmediated</subfield><subfield code="2">rdamedia</subfield></datafield><datafield ind1=" " ind2=" " tag="338"><subfield code="a">volume</subfield><subfield code="2">rdacarrier</subfield></datafield><datafield ind1="1" ind2=" " tag="490"><subfield code="a">UnCivil Wars</subfield></datafield><datafield ind1=" " ind2=" " tag="504"><subfield code="a">Includes bibliographical references and index.</subfield></datafield><datafield ind1="0" ind2=" " tag="505"><subfield code="a">Introduction: new fields of battle: nature, environmental history, and the Civil War / Brian Allen Drake -- Fateful lightning: the significance of weather and climate to Civil War history / Kenneth W. Noe -- "The difficulties and seductions of the desert": landscapes of war in 1861 New Mexico / Megan Kate Nelson -- Yancey County goes to war: a case study of people and nature on home front and battlefield, 1861-1865 / Timothy Silver -- "The man who has nothing to lose": environmental impacts on Civil War straggling in 1862 Virginia / Kathryn Shively Meier -- Stumps in the wilderness / Aaron Sachs -- "The strength of the hills": representations of Appalachian wilderness as Civil War refuge / John C. Inscoe -- Nature as friction: integrating Clausewitz into environmental histories of the Civil War / Lisa M. Brady -- War is hell, so have a chew: the persistence of agroenvironmental ideas in the Civil War Piedmont / Drew A. Swanson -- Reconstructing the soil: emancipation and the roots of chemical-dependent agriculture in America / Timothy Johnson -- Walking, running, and marching into an environmental history of the Civil War / Mart A. Stewart -- Epilogue: "waving the muddy shirt" / Paul S. Sutter.</subfield></datafield><datafield ind1=" " ind2=" " tag="596"><subfield code="a">16</subfield></datafield><datafield ind1=" " ind2="0" tag="651"><subfield code="a">United States</subfield><subfield code="x">History</subfield><subfield code="y">Civil War, 1861-1865</subfield><subfield code="x">Environmental aspects.</subfield></datafield><datafield ind1=" " ind2="0" tag="651"><subfield code="a">United States</subfield><subfield code="x">History</subfield><subfield code="y">Civil War, 1861-1865</subfield><subfield code="x">Influence.</subfield></datafield><datafield ind1="1" ind2=" " tag="700"><subfield code="a">Drake, Brian Allen,</subfield><subfield code="e">editor,</subfield><subfield code="e">author.</subfield></datafield><datafield ind1=" " ind2="0" tag="830"><subfield code="a">Uncivil wars.</subfield></datafield><datafield ind1=" " ind2=" " tag="949"><subfield code="a">E 468.9 B63 2015</subfield><subfield code="h">UAAU-B</subfield><subfield code="i">0162035245644</subfield></datafield><datafield ind1=" " ind2=" " tag="926"><subfield code="a">E 468.9 B63 2015</subfield><subfield code="w">LC</subfield><subfield code="c">1</subfield><subfield code="i">0162035245644</subfield><subfield code="l">ON_SHELF</subfield><subfield code="m">UAAUG</subfield><subfield code="p">$150.00</subfield><subfield code="r">Y</subfield><subfield code="s">Y</subfield><subfield code="t">BOOK</subfield><subfield code="u">3/4/2015</subfield></datafield></record>